@article{edge_longshot_2019,
title = {Longshot enables accurate variant calling in diploid genomes from single-molecule long read sequencing},
journal = {Nature Comm.},
author = {Edge, P. and Bansal, V.},
year = {2019},
}


@article{goodwin2016coming,
  title={Coming of age: ten years of next-generation sequencing technologies},
  author={Goodwin, Sara and McPherson, John D and McCombie, W Richard},
  journal={Nature Reviews Genetics},
  volume={17},
  number={6},
  pages={333--351},
  year={2016},
  publisher={Nature Publishing Group}
}

@article{wenger2019accurate,
  title={Accurate circular consensus long-read sequencing improves variant detection and assembly of a human genome},
  author={Wenger, Aaron M and Peluso, Paul and Rowell, William J and Chang, Pi-Chuan and Hall, Richard J and Concepcion, Gregory T and Ebler, Jana and Fungtammasan, Arkarachai and Kolesnikov, Alexey and Olson, Nathan D and others},
  journal={Nature biotechnology},
  volume={37},
  number={10},
  pages={1155--1162},
  year={2019},
  publisher={Nature Publishing Group}
}


@online{NationalHumanGenome,
  author = {National Human Genome Research Institute},
  title = {Genetics vs. Genomics Fact Sheet},
  year = 2022,
  url = {https://www.genome.gov/about-genomics/fact-sheets/Genetics-vs-Genomics},
  urldate = {2022-04-06}
}

@article{jain2016oxford,
  title={The Oxford Nanopore MinION: delivery of nanopore sequencing to the genomics community},
  author={Jain, Miten and Olsen, Hugh E and Paten, Benedict and Akeson, Mark},
  journal={Genome biology},
  volume={17},
  number={1},
  pages={1--11},
  year={2016},
  publisher={Springer}
}

@article{rhoads2015pacbio,
  title={PacBio sequencing and its applications},
  author={Rhoads, Anthony and Au, Kin Fai},
  journal={Genomics, proteomics \& bioinformatics},
  volume={13},
  number={5},
  pages={278--289},
  year={2015},
  publisher={Elsevier}
}

@article{garrison2012haplotype,
  title={Haplotype-based variant detection from short-read sequencing},
  author={Garrison, Erik and Marth, Gabor},
  journal={arXiv preprint arXiv:1207.3907},
  year={2012}
}

@article{mckenna2010genome,
  title={The Genome Analysis Toolkit: a MapReduce framework for analyzing next-generation DNA sequencing data},
  author={McKenna, Aaron and Hanna, Matthew and Banks, Eric and Sivachenko, Andrey and Cibulskis, Kristian and Kernytsky, Andrew and Garimella, Kiran and Altshuler, David and Gabriel, Stacey and Daly, Mark and others},
  journal={Genome research},
  volume={20},
  number={9},
  pages={1297--1303},
  year={2010},
  publisher={Cold Spring Harbor Lab}
}

@article{poplin2018universal,
  title={A universal SNP and small-indel variant caller using deep neural networks},
  author={Poplin, Ryan and Chang, Pi-Chuan and Alexander, David and Schwartz, Scott and Colthurst, Thomas and Ku, Alexander and Newburger, Dan and Dijamco, Jojo and Nguyen, Nam and Afshar, Pegah T and others},
  journal={Nature biotechnology},
  volume={36},
  number={10},
  pages={983--987},
  year={2018},
  publisher={Nature Publishing Group}
}

@article{bankevich2012spades,
  title={SPAdes: a new genome assembly algorithm and its applications to single-cell sequencing},
  author={Bankevich, Anton and Nurk, Sergey and Antipov, Dmitry and Gurevich, Alexey A and Dvorkin, Mikhail and Kulikov, Alexander S and Lesin, Valery M and Nikolenko, Sergey I and Pham, Son and Prjibelski, Andrey D and others},
  journal={Journal of computational biology},
  volume={19},
  number={5},
  pages={455--477},
  year={2012},
  publisher={Mary Ann Liebert, Inc. 140 Huguenot Street, 3rd Floor New Rochelle, NY 10801 USA}
}

@article{stocker2016simlord,
  title={SimLoRD: simulation of long read data},
  author={St{\"o}cker, Bianca K and K{\"o}ster, Johannes and Rahmann, Sven},
  journal={Bioinformatics},
  volume={32},
  number={17},
  pages={2704--2706},
  year={2016},
  publisher={Oxford University Press}
}

@article{abdi2010principal,
  title={Principal component analysis},
  author={Abdi, Herv{\'e} and Williams, Lynne J},
  journal={Wiley interdisciplinary reviews: computational statistics},
  volume={2},
  number={4},
  pages={433--459},
  year={2010},
  publisher={Wiley Online Library}
}

@article{hartigan1979algorithm,
  title={Algorithm AS 136: A k-means clustering algorithm},
  author={Hartigan, John A and Wong, Manchek A},
  journal={Journal of the royal statistical society. series c (applied statistics)},
  volume={28},
  number={1},
  pages={100--108},
  year={1979},
  publisher={JSTOR}
}

@inproceedings{sklearn_api,
  author    = {Lars Buitinck and Gilles Louppe and Mathieu Blondel and
               Fabian Pedregosa and Andreas Mueller and Olivier Grisel and
               Vlad Niculae and Peter Prettenhofer and Alexandre Gramfort
               and Jaques Grobler and Robert Layton and Jake VanderPlas and
               Arnaud Joly and Brian Holt and Ga{\"{e}}l Varoquaux},
  title     = {{API} design for machine learning software: experiences from the scikit-learn
               project},
  booktitle = {ECML PKDD Workshop: Languages for Data Mining and Machine Learning},
  year      = {2013},
  pages = {108--122},
}